
@article{sander2015,
	title = {Compilation of {Henry}'s law constants (version 4.0) for water as solvent},
	volume = {15},
	issn = {1680-7324},
	url = {http://www.atmos-chem-phys.net/15/4399/2015/acp-15-4399-2015.html},
	doi = {10.5194/acp-15-4399-2015},
	number = {8},
	journal = {Atmospheric Chemistry and Physics},
	author = {Sander, R.},
	month = apr,
	year = {2015},
	pages = {4399--4981},
}

@article{akita1974,
	title = {Bubble {Size}, {Interfacial} {Area}, and {Liquid}-{Phase} {Mass} {Transfer} {Coefficient} in {Bubble} {Columns}},
	volume = {13},
	issn = {0196-4305},
	url = {http://dx.doi.org/10.1021/i260049a016},
	doi = {10.1021/i260049a016},
	number = {1},
	journal = {Industrial \& Engineering Chemistry Process Design and Development},
	author = {Akita, Kiyomi and Yoshida, Fumitake},
	month = jan,
	year = {1974},
	pages = {84--91},
}

@article{akita1981,
	title = {Diffusivities of gases in aqueous electrolyte solutions},
	volume = {20},
	issn = {0196-4313},
	url = {http://pubs.acs.org/doi/abs/10.1021/i100001a017},
	doi = {10.1021/i100001a017},
	number = {1},
	journal = {Industrial \& Engineering Chemistry Fundamentals},
	author = {Akita, Kiyomi},
	month = feb,
	year = {1981},
	pages = {89--94},
}

@inproceedings{millar2018,
	title = {Performance map of the hydraulic air compressor installed at {Dynamic} {Earth}, {Sudbury}},
	author = {Millar, Dean and Sivret, Justin and Pavese, Valeria and Hutchison, Alex and Young, Stephen and Noula-Millar, Caterina and Clifford, Tom},
	year = {2018},
	note = {event-place: Xi'an, China},
}

@inproceedings{millar2016,
	title = {The role of water solubility in applications of hydraulic air compressors in mining},
	booktitle = {Proceedings of 2016 {Energy} \& {Water} {Symposium}},
	author = {Millar, Dean L. and Hutchison, Alexander D. and Noula, Caterina and Pavese, Valeria and Rico, Javier and Young, Stephen},
	year = {2016},
	note = {event-place: Windsor, Ontario, Canada},
}
